@Book{Leslie,
  Author         = {L. Lamport},
  Title          = {\LaTeX--- A document Preparation System. User guides
                   and manual references},
  Publisher      = {Addison-Wesley},
  Edition        = {2nd edition},
  year           = 1994
}

@Manual{showkey,
  Title          = {The showkeys package},
  Author         = {D. Carslisle},
  Note           = {documentaci√≥n del paquete},
  year           = 1997
}

@Book{Spivak,
  Author         = {M.D. Spivak},
  Title          = {The Joy of \TeX. A Gourmet Guide to Typeset with the
                   AMS\TeX{} macro package},
  Publisher      = {American Mathematical Society},
  year           = 1990
}

@Book{Metafont,
  Author         = {D.E. Knuth},
  Title          = {The MetaFont book},
  Publisher      = {Addison-Wesley},
  year           = 1986
}

@Book{TexBook,
  Author         = {D.E. Knuth},
  Title          = {The \TeX book},
  Publisher      = {Addison-Wesley},
  year           = 1986
}

@Book{CLMPS,
  Author         = {B. Cascales and P. Lucas and J.M. Mira and A. Pallar\'os
                   and S. S\'anchez-Pedre\~no},
  Title          = {\LaTeX: una imprenta en sus manos},
  Publisher      = {ADI},
  year           = 2000
}

