% Encoding: UTF-8
@Book{cascales03,
  Title                    = {El libro de {\LaTeX}},
  Author                   = {Cascales, B. and Lucas, P. and Mira, J.M. and Pallarés, A. and {Sánchez-Pedreño}, S.},
  Language                 = {spanish},
  Publisher                = {Pearson/Prentice Hall},
  Year                     = {2003},

  Owner                    = {Jesus.Salido},
  Timestamp                = {2010.02.15}
}

@Book{cascales00,
  Title                    = {{\LaTeX{}}. Una imprenta en sus manos},
  Author                   = {B. Cascales and P. Lucas and J. M. Mira and A. Pallarés and S. Sánchez-Pedreño},
  Language                 = {spanish},
  Publisher                = {Aula Documental de Investigación},
  Year                     = {2000},

  Owner                    = {Jesus.Salido},
  Timestamp                = {2010.02.10}
}

@Book{goos04,
  Title                    = {The {\LaTeX{}} companion},
  Author                   = {Goossens, M. and Mittelbach, F. and Samarin, A.},
  Language                 = {english},
  Publisher                = {Addison-Wesley Reading, MA},
  Year                     = {2004},
  Edition                  = {2nd},

  Owner                    = {Jesus.Salido},
  Timestamp                = {2010.02.10}
}

@Book{goos07,
  Title                    = {The {\LaTeX{}} graphics companion},
  Author                   = {Goossens, M. and Rahtz, S. and Mittelbach, F.},
  Language                 = {english},
  Publisher                = {Addison-Wesley Reading, MA},
  Year                     = {2007},
  Edition                  = {2nd},

  Owner                    = {Jesus.Salido},
  Timestamp                = {2010.02.10}
}

@Book{grat07,
  Title                    = {More math into {\LaTeX}},
  Author                   = {Grätzer, G.A.},
  Language                 = {english},
  Publisher                = {Birkhauser},
  Year                     = {2007},
  Edition                  = {4th},

  Owner                    = {Jesus.Salido},
  Timestamp                = {2010.02.10}
}

@Book{grat99,
  Title                    = {First steps in {\LaTeX}},
  Author                   = {Grätzer, G.A.},
  Language                 = {english},
  Publisher                = {Springer Verlag},
  Year                     = {1999},
  Edition                  = {1st},

  Owner                    = {Jesus.Salido},
  Timestamp                = {2010.02.10}
}

@Book{kopka04,
  Title                    = {A guide to {\LaTeX}},
  Author                   = {Kopka, H. and Daly, {P.W.}},
  Language                 = {english},
  Publisher                = {Addison-Wesley},
  Year                     = {2004},
  Edition                  = {4th},

  Owner                    = {Jesus.Salido},
  Timestamp                = {2010.02.10}
}

@Book{lamport94,
  Title                    = {{\LaTeX}: A document preparation system},
  Author                   = {Lamport, L.},
  Language                 = {english},
  Publisher                = {Addison-Wesley},
  Year                     = {1994},
  Edition                  = {2nd},

  Owner                    = {Jesus.Salido},
  Timestamp                = {2010.02.10}
}

@Book{lange1998programming,
  Title                    = {Programming and Deploying Java Mobile Agents Aglets},
  Author                   = {Lange, Danny B and Mitsuru, Oshima},
  Publisher                = {Addison-Wesley Longman Publishing Co., Inc.},
  Year                     = {1998},

  Owner                    = {jsalido},
  Timestamp                = {2014.02.21}
}

@Book{larman1999uml,
  Title                    = {UML y patrones},
  Author                   = {Larman, Craig},
  Publisher                = {Pearson},
  Year                     = {1999},

  Owner                    = {jsalido},
  Timestamp                = {2013.02.15}
}

@Manual{oetiker06,
  Title                    = {The not so short introduction to {\LaTeX2e{}}},
  Author                   = {Oetiker, T. and Partl, H. and Hyna, I. and Schlegl, E.},
  Year                     = {2006},

  Language                 = {english},
  Owner                    = {Jesus.Salido},
  Timestamp                = {2010.02.10}
}

@Misc{salido15,
  Title                    = {Curso de {\LaTeX2e{}}},

  Author                   = {Jesús Salido},
  HowPublished             = {Apuntes de la {UCLM}},
  Year                     = {2015},

  Owner                    = {jsalido},
  Timestamp                = {2015.02.20}
}

@Misc{wikibookLaTex10,
  Title                    = {{\LaTeX{} Wikibook}},

  Author                   = {WikiMedia},
  HowPublished             = {Obtenido en {URL} {\url{http://en.wikibooks.org/wiki/LaTeX}}, último acceso 23 feb., 2011},
  Year                     = {2010},

  Language                 = {english},
  Owner                    = {Jesus.Salido},
  Timestamp                = {2010.06.04}
}

@Comment{jabref-meta: databaseType:bibtex;}
