% Encoding: UTF-8

@Book{cascales00,
  author    = {B. Cascales and P. Lucas and J. M. Mira and A. Pallarés and S. Sánchez-Pedreño},
  title     = {{\LaTeX{}}. Una imprenta en sus manos},
  language  = {spanish},
  publisher = {Aula Documental de Investigación},
  langid    = {spanish},
  owner     = {Jesus.Salido},
  timestamp = {2010.02.10},
  year      = {2000},
}

@Book{goos04,
  author    = {Goossens, M. and Mittelbach, F. and Samarin, A.},
  title     = {The {\LaTeX{}} companion},
  edition   = {2},
  language  = {english},
  publisher = {Addison-Wesley Reading, MA},
  langid    = {english},
  owner     = {Jesus.Salido},
  timestamp = {2010.02.10},
  year      = {2004},
}

@Book{goos07,
  author    = {Goossens, M. and Rahtz, S. and Mittelbach, F.},
  title     = {The {\LaTeX{}} graphics companion},
  edition   = {2},
  language  = {english},
  publisher = {Addison-Wesley Reading, MA},
  langid    = {english},
  owner     = {Jesus.Salido},
  timestamp = {2010.02.10},
  year      = {2007},
}

@Book{grat07,
  author    = {Grätzer, G.A.},
  title     = {More math into {\LaTeX}},
  edition   = {4},
  language  = {english},
  publisher = {Birkhauser},
  langid    = {english},
  owner     = {Jesus.Salido},
  timestamp = {2010.02.10},
  year      = {2007},
}

@Book{grat99,
  author    = {Grätzer, G.A.},
  title     = {First steps in {\LaTeX}},
  edition   = {1},
  language  = {english},
  publisher = {Springer Verlag},
  langid    = {english},
  owner     = {Jesus.Salido},
  timestamp = {2010.02.10},
  year      = {1999},
}

@Book{kopka04,
  author    = {Kopka, H. and Daly, {P.W.}},
  title     = {A guide to {\LaTeX}},
  edition   = {4},
  language  = {english},
  publisher = {Addison-Wesley},
  langid    = {english},
  owner     = {Jesus.Salido},
  timestamp = {2010.02.10},
  year      = {2004},
}

@Book{lamport94,
  author    = {Lamport, L.},
  title     = {{\LaTeX}: A document preparation system},
  edition   = {2},
  language  = {english},
  publisher = {Addison-Wesley},
  langid    = {english},
  owner     = {Jesus.Salido},
  timestamp = {2010.02.10},
  year      = {1994},
}

@Book{lange1998programming,
  author    = {Lange, Danny B and Mitsuru, Oshima},
  title     = {Programming and Deploying Java Mobile Agents Aglets},
  language  = {english},
  publisher = {Addison-Wesley Longman Publishing Co., Inc.},
  langid    = {english},
  owner     = {jsalido},
  timestamp = {2014.02.21},
  year      = {1998},
}

@Book{larman1999uml,
  author    = {Larman, Craig},
  title     = {UML y patrones},
  language  = {spanish},
  publisher = {Pearson},
  langid    = {spanish},
  owner     = {jsalido},
  timestamp = {2013.02.15},
  year      = {1999},
}

@Manual{oetiker06,
  author    = {Oetiker, T. and Partl, H. and Hyna, I. and Schlegl, E.},
  title     = {The not so short introduction to {\LaTeX2e{}}},
  language  = {english},
  langid    = {english},
  owner     = {Jesus.Salido},
  timestamp = {2010.02.10},
  year      = {2006},
}

@WWW{salido15,
  author       = {Jesús Salido},
  title        = {Curso de {\LaTeX2e{}}},
  url          = {http://visilab.etsii.uclm.es/?page_id=1468},
  language     = {spanish},
  organization = {Universidad de Castilla-La Mancha},
  urldate      = {2017-02-12},
  howpublished = {Apuntes de la {UCLM}},
  langid       = {spanish},
  owner        = {jsalido},
  timestamp    = {2015.02.20},
  year         = {2015},
}

@WWW{wikibookLaTex10,
  author    = {WikiMedia},
  title     = {{\LaTeX{} Wikibook}},
  url       = {http://en.wikibooks.org/wiki/LaTeX},
  language  = {english},
  urldate   = {2017-02-02},
  langid    = {spanish},
  owner     = {Jesus.Salido},
  timestamp = {2010.06.04},
  year      = {2010},
}

@Book{cascales03,
  author    = {B. Cascales and P. Lucas},
  date      = {2005},
  title     = {El Libro de {\LaTeX}},
  isbn      = {9788420537795},
  language  = {spanish},
  publisher = {Pearson Education},
  langid    = {spanish},
  timestamp = {2021-02-17},
}

@Comment{jabref-meta: databaseType:biblatex;}
